@misc{kagami,
  author       = {鏡 慎吾},
  title        = {やる夫で学ぶディジタル信号処理},
  howpublished = {\url{http://www.ic.is.tohoku.ac.jp/~swk/lecture/yaruodsp/main.html}},
  year         = {n.d.},
  note         = {最終閲覧：2021年9月13日}
}
@misc{kashino,
  author       = {柏野 牧夫},
  title        = {音のなんでもコーナー Q and A},
  howpublished = {\url{https://acoustics.jp/qanda/answer/101.html}},
  year         = {n.d.},
  note         = {最終閲覧：2021年9月13日}
}
@book{morise2018,
  author    = {森勢 将雅},
  title     = {音声分析合成},
  publisher = {コロナ社},
  address   = {東京},
  year      = {2018},
  isbn      = {9784339011371}
}
@article{moriya2016,
  title   = {音声音響符号化技術の進展},
  author  = {守谷 健弘 and 鎌本 優 and 原田 登 and 杉浦 亮介},
  journal = {電子情報通信学会 基礎・境界ソサイエティ Fundamentals Review},
  volume  = {10},
  number  = {4},
  pages   = {246-256},
  year    = {2016},
  doi     = {10.1587/essfr.10.4_246}
}
@article{ono2016,
  title   = {短時間フーリエ変換の基礎と応用},
  author  = {小野 順貴},
  journal = {日本音響学会誌},
  volume  = {72},
  number  = {12},
  pages   = {764-769},
  year    = {2016},
  doi     = {10.20697/jasj.72.12_764}
}
@misc{takamichi2015,
  author       = {高道 慎之介},
  title        = {やさしく音声分析法を学ぶ：ケプストラム分析とLPC分析},
  howpublished = {\url{https://www.slideshare.net/ShinnosukeTakamichi/lpc-49065650}},
  year         = {2015},
  note         = {最終閲覧：2021年9月13日}
}
@article{yatabe2019,
  title   = {位相変換による複素スペクトログラムの表現},
  author  = {矢田部 浩平 and 升山 義紀 and 草野 翼 and 及川 靖広},
  journal = {日本音響学会誌},
  volume  = {75},
  number  = {3},
  pages   = {147-155},
  year    = {2019},
  doi     = {10.20697/jasj.75.3_147}
}